@article{Aig17,
  author    = {Marc Aiguier and
               Isabelle Bloch},
  title     = {Dual Logic Concepts based on Mathematical Morphology in Stratified
               Institutions: Applications to Spatial Reasoning},
  journal   = {CoRR},
  volume    = {abs/1710.05661},
  year      = {2017},
  url       = {http://arxiv.org/abs/1710.05661},
  archivePrefix = {arXiv},
  eprint    = {1710.05661},
  timestamp = {Wed, 01 Nov 2017 19:05:42 +0100},
  biburl    = {https://dblp.org/rec/bib/journals/corr/abs-1710-05661},
  bibsource = {dblp computer science bibliography, https://dblp.org}
}

@article{Aig07,
title = "Stratified institutions and elementary homomorphisms",
journal = "Information Processing Letters",
volume = "103",
number = "1",
pages = "5 - 13",
year = "2007",
issn = "0020-0190",
doi = "https://doi.org/10.1016/j.ipl.2007.02.005",
url = "http://www.sciencedirect.com/science/article/pii/S0020019007000348",
author = "Marc Aiguier and Răzvan Diaconescu",
keywords = "Institutions, Elementary homomorphisms, Elementary colimit theorem, Formal methods"
}

@book{Dia08,
 author = {Diaconescu, Răzvan},
 title = {Institution-independent Model Theory},
 year = {2008},
 isbn = {3764387076, 9783764387075},
 edition = {1st},
 publisher = {Birkhäuser Basel},
} 


@incollection{Gor07,
title = "Model theory of modal logic",
editor = "Patrick Blackburn and Johan Van Benthem and Frank Wolter",
series = "Studies in Logic and Practical Reasoning",
publisher = "Elsevier",
volume = "3",
pages = "249 - 329",
year = "2007",
booktitle = "Handbook of Modal Logic",
issn = "1570-2464",
doi = "https://doi.org/10.1016/S1570-2464(07)80008-5",
url = "http://www.sciencedirect.com/science/article/pii/S1570246407800085",
author = "Valentin Goranko and Martin Otto"
}

@book{Cor03,
	author = {Cori, René and Lascar, Daniel and Krivine, Jean-Louis},
	title = {Logique mathématique},
	publisher = {Dunod},
	year = {DL 2005, cop. 2003},
	series = {Sciences sup},
	address = {Paris}
}

@incollection{Blo07,
    author = {I. Bloch and H. Heijmans and C. Ronse},
    editor = {M. Aiello and I. Pratt-Hartman and J. van Benthem},
    title = {Mathematical {M}orphology},
    booktitle = {Handbook of Spatial Logics},
    publisher = {Springer},
    address = {},
    year = {2007},
    chapter = {13},
    pages = {857-947},
    annote = {category=incollection state=published project=tii group=tii}
}

@article{Dia16,
author = {Diaconescu, Răzvan},
year = {2016},
month = {02},
pages = {},
title = {Implicit Kripke Semantics and Ultraproducts in Stratified Institutions},
volume = {27},
booktitle = {Journal of Logic and Computation}
}

@book{Naj10,
  TITLE = {{Mathematical Morphology: from theory to applications}},
  AUTHOR = {Najman, Laurent and Talbot, Hugues},
  URL = {https://hal-upec-upem.archives-ouvertes.fr/hal-00622479},
  NOTE = {ISBN: 9781848212152 (520 pp.)},
  EDITOR = {Najman Laurent and Talbot Hugues},
  PUBLISHER = {{ISTE-Wiley}},
  PAGES = {507 p.},
  YEAR = {2010},
  MONTH = Jun,
  DOI = {10.1002/9781118600788},
  HAL_ID = {hal-00622479},
  HAL_VERSION = {v1},
}

@article{Gog92,
 author = {Goguen, Joseph A. and Burstall, Rod M.},
 title = {Institutions: Abstract Model Theory for Specification and Programming},
 journal = {J. ACM},
 issue_date = {Jan. 1992},
 volume = {39},
 number = {1},
 month = jan,
 year = {1992},
 issn = {0004-5411},
 pages = {95--146},
 numpages = {52},
 url = {http://doi.acm.org/10.1145/147508.147524},
 doi = {10.1145/147508.147524},
 acmid = {147524},
 publisher = {ACM},
 address = {New York, NY, USA},
} 

@electronic{Man18,
 author = {Manzanera, Antoine},
 title = {Cours de morphologie mathématique},
 url = {http://perso.ensta-paristech.fr/~manzaner/Cours/Ese42/Ese42_Papier.pdf},
 urldate = {21.03.2018},
 originalyear = {23.02.2018}
}

@electronic{Lan93,
 author = {Lantuéjoul, Christian},
 title = {Les ensembles aléatoires},
 url = {http://cg.ensmp.fr/bibliotheque/public/LANTUEJOUL_Cours_00578.pdf},
 urldate = {21.03.2018},
 originalyear = {1993}
}